@article{b1,
  title={Research report on Pakistan's textile industry analysis},
  author={Zameer Ahmed},
  journal={SSRN Electronic Journal},
  year={2021}
}

@inproceedings{b2,
author = {Fayyaz, Raja and Mabool, Muaz and Hanif, Muhammad},
year = {2020},
month = {08},
pages = {1-5},
title = {Textile Design Generation Using GANs},
doi = {10.1109/CCECE47787.2020.9255674}
}


@article{b3,
  author    = {Othman Sbai and
               Mohamed Elhoseiny and
               Antoine Bordes and
               Yann LeCun and
               Camille Couprie},
  title     = {DeSIGN: Design Inspiration from Generative Networks},
  journal   = {CoRR},
  volume    = {abs/1804.00921},
  year      = {2018}
}

@inproceedings{b4,
author = {Kato, Natsumi and Osone, Hiroyuki and Oomori, Kotaro and Ooi, Chun Wei and Ochiai, Yoichi},
title = {GANs-Based Clothes Design: Pattern Maker Is All You Need to Design Clothing},
year = {2019},
isbn = {9781450365475},
publisher = {Association for Computing Machinery},
address = {New York, NY, USA},
url = {https://doi.org/10.1145/3311823.3311863},
doi = {10.1145/3311823.3311863}
}

@inproceedings{b5,
author = {Goodfellow, Ian J. and Pouget-Abadie, Jean and Mirza, Mehdi and Xu, Bing and Warde-Farley, David and Ozair, Sherjil and Courville, Aaron and Bengio, Yoshua},
title = {Generative Adversarial Nets},
year = {2014},
publisher = {MIT Press},
booktitle = {Proceedings of the 27th International Conference on Neural Information Processing Systems - Volume 2},
pages = {2672–2680},
numpages = {9},
location = {Montreal, Canada},
series = {NIPS'14}
}

@misc{b6,
      title={Generative Adversarial Text to Image Synthesis}, 
      author={Scott Reed and Zeynep Akata and Xinchen Yan and Lajanugen Logeswaran and Bernt Schiele and Honglak Lee},
      year={2016},
      eprint={1605.05396},
      archivePrefix={arXiv},
      primaryClass={cs.NE}
}

@misc{b7,
      title={Amortised MAP Inference for Image Super-resolution}, 
      author={Casper Kaae Sønderby and Jose Caballero and Lucas Theis and Wenzhe Shi and Ferenc Huszár},
      year={2017},
      eprint={1610.04490},
      archivePrefix={arXiv},
      primaryClass={cs.CV}
}

@misc{b8,
      title={MirrorGAN: Learning Text-to-image Generation by Redescription}, 
      author={Tingting Qiao and Jing Zhang and Duanqing Xu and Dacheng Tao},
      year={2019},
      eprint={1903.05854},
      archivePrefix={arXiv},
      primaryClass={cs.CL}
}

@misc{b9,
      title={Photo-Realistic Single Image Super-Resolution Using a Generative Adversarial Network}, 
      author={Christian Ledig and Lucas Theis and Ferenc Huszar and Jose Caballero and Andrew Cunningham and Alejandro Acosta and Andrew Aitken and Alykhan Tejani and Johannes Totz and Zehan Wang and Wenzhe Shi},
      year={2017},
      eprint={1609.04802},
      archivePrefix={arXiv},
      primaryClass={cs.CV}
}

@InProceedings{b10,
	      Author    = {Alexander J. Medeiros and Lee Stearns and Leah Findlater and Chuan Chen and Jon E. Froehlich},
	      Title     = {Recognizing Clothing Colors and Visual Textures Using a Finger-Mounted Camera: An Initial Investigation},
	      Booktitle = {Proceedings of the 19th International ACM SIGACCESS Conference on Computers and Accessibility  - ASSETS '17},
	      Year      = {2017}}


@misc{b11,
      title={Towards Multi-pose Guided Virtual Try-on Network}, 
      author={Haoye Dong and Xiaodan Liang and Bochao Wang and Hanjiang Lai and Jia Zhu and Jian Yin},
      year={2019},
      eprint={1902.11026},
      archivePrefix={arXiv},
      primaryClass={cs.CV}
}


@InProceedings{b12,
author = {Raj, Amit and Sangkloy, Patsorn and Chang, Huiwen and Lu, Jingwan and Ceylan, Duygu and Hays, James},
title = {SwapNet: Garment Transfer in Single View Images},
booktitle = {Proceedings of the European Conference on Computer Vision (ECCV)},
month = {September},
year = {2018}
}

@misc{b13,
      title={Unsupervised Representation Learning with Deep Convolutional Generative Adversarial Networks}, 
      author={Alec Radford and Luke Metz and Soumith Chintala},
      year={2016},
      eprint={1511.06434},
      archivePrefix={arXiv},
      primaryClass={cs.LG}
}

@misc{b14,
      title={Wasserstein GAN}, 
      author={Martin Arjovsky and Soumith Chintala and Léon Bottou},
      year={2017},
      eprint={1701.07875},
      archivePrefix={arXiv},
      primaryClass={stat.ML}
}

@misc{b15,
      title={The relativistic discriminator: a key element missing from standard GAN}, 
      author={Alexia Jolicoeur-Martineau},
      year={2018},
      eprint={1807.00734},
      archivePrefix={arXiv},
      primaryClass={cs.LG}
}

@INPROCEEDINGS{b16,  author={Karras, Tero and Laine, Samuli and Aila, Timo},  booktitle={2019 IEEE/CVF Conference on Computer Vision and Pattern Recognition (CVPR)},   title={A Style-Based Generator Architecture for Generative Adversarial Networks},   year={2019},  volume={},  number={},  pages={4396-4405},  doi={10.1109/CVPR.2019.00453}}

@inproceedings{inproceedings,
author = {Khalil, Saad and Taha, Muhammad and Ali, Rizwan and Mehmood, Hasan and Dilpazir, Hammad},
year = {2020},
month = {03},
pages = {},
title = {Title: Generation of Textile Patterns Through Generative Adversarial Networks Generation of Textile Patterns Through Generative Adversarial Networks}
}